%YAML 1.1
%TAG !u! tag:unity3d.com,2011:
--- !u!95 &1364039087339867660
Animator:
  serializedVersion: 3
  m_ObjectHideFlags: 0
  m_CorrespondingSourceObject: {fileID: 0}
  m_PrefabInstance: {fileID: 0}
  m_PrefabAsset: {fileID: 0}
  m_GameObject: {fileID: 3174476690544527995}
  m_Enabled: 1
  m_Avatar: {fileID: 0}
  m_Controller: {fileID: 0}
  m_CullingMode: 0
  m_UpdateMode: 0
  m_ApplyRootMotion: 0
  m_LinearVelocityBlending: 0
  m_WarningMessage: 
  m_HasTransformHierarchy: 1
  m_AllowConstantClipSamplingOptimization: 1
  m_KeepAnimatorControllerStateOnDisable: 0
--- !u!95 &6921024218009488568
Animator:
  serializedVersion: 3
  m_ObjectHideFlags: 0
  m_CorrespondingSourceObject: {fileID: 0}
  m_PrefabInstance: {fileID: 0}
  m_PrefabAsset: {fileID: 0}
  m_GameObject: {fileID: 3030752350129674471}
  m_Enabled: 1
  m_Avatar: {fileID: 0}
  m_Controller: {fileID: 0}
  m_CullingMode: 0
  m_UpdateMode: 0
  m_ApplyRootMotion: 0
  m_LinearVelocityBlending: 0
  m_WarningMessage: 
  m_HasTransformHierarchy: 1
  m_AllowConstantClipSamplingOptimization: 1
  m_KeepAnimatorControllerStateOnDisable: 0
--- !u!95 &1888386962768940121
Animator:
  serializedVersion: 3
  m_ObjectHideFlags: 0
  m_CorrespondingSourceObject: {fileID: 0}
  m_PrefabInstance: {fileID: 0}
  m_PrefabAsset: {fileID: 0}
  m_GameObject: {fileID: 6054606689172975775}
  m_Enabled: 1
  m_Avatar: {fileID: 0}
  m_Controller: {fileID: 0}
  m_CullingMode: 0
  m_UpdateMode: 0
  m_ApplyRootMotion: 0
  m_LinearVelocityBlending: 0
  m_WarningMessage: 
  m_HasTransformHierarchy: 1
  m_AllowConstantClipSamplingOptimization: 1
  m_KeepAnimatorControllerStateOnDisable: 0
--- !u!95 &3234526474079767611
Animator:
  serializedVersion: 3
  m_ObjectHideFlags: 0
  m_CorrespondingSourceObject: {fileID: 0}
  m_PrefabInstance: {fileID: 0}
  m_PrefabAsset: {fileID: 0}
  m_GameObject: {fileID: 8082261684625684897}
  m_Enabled: 1
  m_Avatar: {fileID: 0}
  m_Controller: {fileID: 0}
  m_CullingMode: 0
  m_UpdateMode: 0
  m_ApplyRootMotion: 0
  m_LinearVelocityBlending: 0
  m_WarningMessage: 
  m_HasTransformHierarchy: 1
  m_AllowConstantClipSamplingOptimization: 1
  m_KeepAnimatorControllerStateOnDisable: 0
--- !u!1 &8897842960848413974
GameObject:
  m_ObjectHideFlags: 0
  m_CorrespondingSourceObject: {fileID: 0}
  m_PrefabInstance: {fileID: 0}
  m_PrefabAsset: {fileID: 0}
  serializedVersion: 6
  m_Component:
  - component: {fileID: 654164521937519078}
  - component: {fileID: 1336445332697344609}
  m_Layer: 0
  m_Name: Wave 4
  m_TagString: Untagged
  m_Icon: {fileID: 0}
  m_NavMeshLayer: 0
  m_StaticEditorFlags: 0
  m_IsActive: 1
--- !u!4 &654164521937519078
Transform:
  m_ObjectHideFlags: 0
  m_CorrespondingSourceObject: {fileID: 0}
  m_PrefabInstance: {fileID: 0}
  m_PrefabAsset: {fileID: 0}
  m_GameObject: {fileID: 8897842960848413974}
  m_LocalRotation: {x: -0, y: -0, z: -0, w: 1}
  m_LocalPosition: {x: 438.02, y: 37.3, z: 301.44}
  m_LocalScale: {x: 1, y: 1, z: 1}
  m_Children:
  - {fileID: 8890710957113565979}
  - {fileID: 2829897839819772097}
  - {fileID: 6867312236066220581}
  - {fileID: 2397240570219627101}
  m_Father: {fileID: 0}
  m_RootOrder: 0
  m_LocalEulerAnglesHint: {x: 0, y: 0, z: 0}
--- !u!320 &1336445332697344609
PlayableDirector:
  m_ObjectHideFlags: 0
  m_CorrespondingSourceObject: {fileID: 0}
  m_PrefabInstance: {fileID: 0}
  m_PrefabAsset: {fileID: 0}
  m_GameObject: {fileID: 8897842960848413974}
  m_Enabled: 1
  serializedVersion: 3
  m_PlayableAsset: {fileID: 11400000, guid: 75e3445ed94807a449acd0ebd2f713b7, type: 2}
  m_InitialState: 1
  m_WrapMode: 2
  m_DirectorUpdateMode: 1
  m_InitialTime: 0
  m_SceneBindings:
  - key: {fileID: -5670688634423999154, guid: 75e3445ed94807a449acd0ebd2f713b7, type: 2}
    value: {fileID: 3234526474079767611}
  - key: {fileID: -1075434978003447775, guid: 75e3445ed94807a449acd0ebd2f713b7, type: 2}
    value: {fileID: 1364039087339867660}
  - key: {fileID: 9219277133174913103, guid: 75e3445ed94807a449acd0ebd2f713b7, type: 2}
    value: {fileID: 1888386962768940121}
  - key: {fileID: -5219659312927548731, guid: 75e3445ed94807a449acd0ebd2f713b7, type: 2}
    value: {fileID: 6921024218009488568}
  m_ExposedReferences:
    m_References: []
--- !u!1001 &3094920038007408045
PrefabInstance:
  m_ObjectHideFlags: 0
  serializedVersion: 2
  m_Modification:
    m_TransformParent: {fileID: 654164521937519078}
    m_Modifications:
    - target: {fileID: 503660831653859286, guid: cbb52a1482510c14ab8c3d7cc2c8495b, type: 3}
      propertyPath: m_Name
      value: Enemy Viper 2 (1)
      objectReference: {fileID: 0}
    - target: {fileID: 988131611062162796, guid: cbb52a1482510c14ab8c3d7cc2c8495b, type: 3}
      propertyPath: m_RootOrder
      value: 1
      objectReference: {fileID: 0}
    - target: {fileID: 988131611062162796, guid: cbb52a1482510c14ab8c3d7cc2c8495b, type: 3}
      propertyPath: m_LocalPosition.x
      value: 17.6
      objectReference: {fileID: 0}
    - target: {fileID: 988131611062162796, guid: cbb52a1482510c14ab8c3d7cc2c8495b, type: 3}
      propertyPath: m_LocalPosition.y
      value: 21.7
      objectReference: {fileID: 0}
    - target: {fileID: 988131611062162796, guid: cbb52a1482510c14ab8c3d7cc2c8495b, type: 3}
      propertyPath: m_LocalPosition.z
      value: -21
      objectReference: {fileID: 0}
    - target: {fileID: 988131611062162796, guid: cbb52a1482510c14ab8c3d7cc2c8495b, type: 3}
      propertyPath: m_LocalRotation.w
      value: 0.9065659
      objectReference: {fileID: 0}
    - target: {fileID: 988131611062162796, guid: cbb52a1482510c14ab8c3d7cc2c8495b, type: 3}
      propertyPath: m_LocalRotation.x
      value: 0.00000001981363
      objectReference: {fileID: 0}
    - target: {fileID: 988131611062162796, guid: cbb52a1482510c14ab8c3d7cc2c8495b, type: 3}
      propertyPath: m_LocalRotation.y
      value: 0.42206433
      objectReference: {fileID: 0}
    - target: {fileID: 988131611062162796, guid: cbb52a1482510c14ab8c3d7cc2c8495b, type: 3}
      propertyPath: m_LocalRotation.z
      value: 0.0000000092245065
      objectReference: {fileID: 0}
    - target: {fileID: 988131611062162796, guid: cbb52a1482510c14ab8c3d7cc2c8495b, type: 3}
      propertyPath: m_LocalEulerAnglesHint.x
      value: 12.41171
      objectReference: {fileID: 0}
    - target: {fileID: 988131611062162796, guid: cbb52a1482510c14ab8c3d7cc2c8495b, type: 3}
      propertyPath: m_LocalEulerAnglesHint.y
      value: 312.5855
      objectReference: {fileID: 0}
    - target: {fileID: 988131611062162796, guid: cbb52a1482510c14ab8c3d7cc2c8495b, type: 3}
      propertyPath: m_LocalEulerAnglesHint.z
      value: 359.9488
      objectReference: {fileID: 0}
    m_RemovedComponents: []
  m_SourcePrefab: {fileID: 100100000, guid: cbb52a1482510c14ab8c3d7cc2c8495b, type: 3}
--- !u!1 &3174476690544527995 stripped
GameObject:
  m_CorrespondingSourceObject: {fileID: 503660831653859286, guid: cbb52a1482510c14ab8c3d7cc2c8495b, type: 3}
  m_PrefabInstance: {fileID: 3094920038007408045}
  m_PrefabAsset: {fileID: 0}
--- !u!4 &2829897839819772097 stripped
Transform:
  m_CorrespondingSourceObject: {fileID: 988131611062162796, guid: cbb52a1482510c14ab8c3d7cc2c8495b, type: 3}
  m_PrefabInstance: {fileID: 3094920038007408045}
  m_PrefabAsset: {fileID: 0}
--- !u!1001 &3238714784747181873
PrefabInstance:
  m_ObjectHideFlags: 0
  serializedVersion: 2
  m_Modification:
    m_TransformParent: {fileID: 654164521937519078}
    m_Modifications:
    - target: {fileID: 503660831653859286, guid: cbb52a1482510c14ab8c3d7cc2c8495b, type: 3}
      propertyPath: m_Name
      value: Enemy Viper 2 (3)
      objectReference: {fileID: 0}
    - target: {fileID: 988131611062162796, guid: cbb52a1482510c14ab8c3d7cc2c8495b, type: 3}
      propertyPath: m_RootOrder
      value: 3
      objectReference: {fileID: 0}
    - target: {fileID: 988131611062162796, guid: cbb52a1482510c14ab8c3d7cc2c8495b, type: 3}
      propertyPath: m_LocalPosition.x
      value: -76.4
      objectReference: {fileID: 0}
    - target: {fileID: 988131611062162796, guid: cbb52a1482510c14ab8c3d7cc2c8495b, type: 3}
      propertyPath: m_LocalPosition.y
      value: -8.2
      objectReference: {fileID: 0}
    - target: {fileID: 988131611062162796, guid: cbb52a1482510c14ab8c3d7cc2c8495b, type: 3}
      propertyPath: m_LocalPosition.z
      value: 184
      objectReference: {fileID: 0}
    - target: {fileID: 988131611062162796, guid: cbb52a1482510c14ab8c3d7cc2c8495b, type: 3}
      propertyPath: m_LocalRotation.w
      value: 0.7307424
      objectReference: {fileID: 0}
    - target: {fileID: 988131611062162796, guid: cbb52a1482510c14ab8c3d7cc2c8495b, type: 3}
      propertyPath: m_LocalRotation.x
      value: 0.000000015970883
      objectReference: {fileID: 0}
    - target: {fileID: 988131611062162796, guid: cbb52a1482510c14ab8c3d7cc2c8495b, type: 3}
      propertyPath: m_LocalRotation.y
      value: 0.6826533
      objectReference: {fileID: 0}
    - target: {fileID: 988131611062162796, guid: cbb52a1482510c14ab8c3d7cc2c8495b, type: 3}
      propertyPath: m_LocalRotation.z
      value: 0.000000014919857
      objectReference: {fileID: 0}
    - target: {fileID: 988131611062162796, guid: cbb52a1482510c14ab8c3d7cc2c8495b, type: 3}
      propertyPath: m_LocalEulerAnglesHint.x
      value: 6.051869
      objectReference: {fileID: 0}
    - target: {fileID: 988131611062162796, guid: cbb52a1482510c14ab8c3d7cc2c8495b, type: 3}
      propertyPath: m_LocalEulerAnglesHint.y
      value: 88.54794
      objectReference: {fileID: 0}
    - target: {fileID: 988131611062162796, guid: cbb52a1482510c14ab8c3d7cc2c8495b, type: 3}
      propertyPath: m_LocalEulerAnglesHint.z
      value: 359.972
      objectReference: {fileID: 0}
    m_RemovedComponents: []
  m_SourcePrefab: {fileID: 100100000, guid: cbb52a1482510c14ab8c3d7cc2c8495b, type: 3}
--- !u!1 &3030752350129674471 stripped
GameObject:
  m_CorrespondingSourceObject: {fileID: 503660831653859286, guid: cbb52a1482510c14ab8c3d7cc2c8495b, type: 3}
  m_PrefabInstance: {fileID: 3238714784747181873}
  m_PrefabAsset: {fileID: 0}
--- !u!4 &2397240570219627101 stripped
Transform:
  m_CorrespondingSourceObject: {fileID: 988131611062162796, guid: cbb52a1482510c14ab8c3d7cc2c8495b, type: 3}
  m_PrefabInstance: {fileID: 3238714784747181873}
  m_PrefabAsset: {fileID: 0}
--- !u!1001 &5979395397722472265
PrefabInstance:
  m_ObjectHideFlags: 0
  serializedVersion: 2
  m_Modification:
    m_TransformParent: {fileID: 654164521937519078}
    m_Modifications:
    - target: {fileID: 503660831653859286, guid: cbb52a1482510c14ab8c3d7cc2c8495b, type: 3}
      propertyPath: m_Name
      value: Enemy Viper 2 (2)
      objectReference: {fileID: 0}
    - target: {fileID: 988131611062162796, guid: cbb52a1482510c14ab8c3d7cc2c8495b, type: 3}
      propertyPath: m_RootOrder
      value: 2
      objectReference: {fileID: 0}
    - target: {fileID: 988131611062162796, guid: cbb52a1482510c14ab8c3d7cc2c8495b, type: 3}
      propertyPath: m_LocalPosition.x
      value: 2.8
      objectReference: {fileID: 0}
    - target: {fileID: 988131611062162796, guid: cbb52a1482510c14ab8c3d7cc2c8495b, type: 3}
      propertyPath: m_LocalPosition.y
      value: 14.9
      objectReference: {fileID: 0}
    - target: {fileID: 988131611062162796, guid: cbb52a1482510c14ab8c3d7cc2c8495b, type: 3}
      propertyPath: m_LocalPosition.z
      value: 21.4
      objectReference: {fileID: 0}
    - target: {fileID: 988131611062162796, guid: cbb52a1482510c14ab8c3d7cc2c8495b, type: 3}
      propertyPath: m_LocalRotation.w
      value: 0.9065659
      objectReference: {fileID: 0}
    - target: {fileID: 988131611062162796, guid: cbb52a1482510c14ab8c3d7cc2c8495b, type: 3}
      propertyPath: m_LocalRotation.x
      value: 0.00000001981363
      objectReference: {fileID: 0}
    - target: {fileID: 988131611062162796, guid: cbb52a1482510c14ab8c3d7cc2c8495b, type: 3}
      propertyPath: m_LocalRotation.y
      value: 0.42206433
      objectReference: {fileID: 0}
    - target: {fileID: 988131611062162796, guid: cbb52a1482510c14ab8c3d7cc2c8495b, type: 3}
      propertyPath: m_LocalRotation.z
      value: 0.0000000092245065
      objectReference: {fileID: 0}
    - target: {fileID: 988131611062162796, guid: cbb52a1482510c14ab8c3d7cc2c8495b, type: 3}
      propertyPath: m_LocalEulerAnglesHint.x
      value: 12.41171
      objectReference: {fileID: 0}
    - target: {fileID: 988131611062162796, guid: cbb52a1482510c14ab8c3d7cc2c8495b, type: 3}
      propertyPath: m_LocalEulerAnglesHint.y
      value: 312.5855
      objectReference: {fileID: 0}
    - target: {fileID: 988131611062162796, guid: cbb52a1482510c14ab8c3d7cc2c8495b, type: 3}
      propertyPath: m_LocalEulerAnglesHint.z
      value: 359.9488
      objectReference: {fileID: 0}
    m_RemovedComponents: []
  m_SourcePrefab: {fileID: 100100000, guid: cbb52a1482510c14ab8c3d7cc2c8495b, type: 3}
--- !u!1 &6054606689172975775 stripped
GameObject:
  m_CorrespondingSourceObject: {fileID: 503660831653859286, guid: cbb52a1482510c14ab8c3d7cc2c8495b, type: 3}
  m_PrefabInstance: {fileID: 5979395397722472265}
  m_PrefabAsset: {fileID: 0}
--- !u!4 &6867312236066220581 stripped
Transform:
  m_CorrespondingSourceObject: {fileID: 988131611062162796, guid: cbb52a1482510c14ab8c3d7cc2c8495b, type: 3}
  m_PrefabInstance: {fileID: 5979395397722472265}
  m_PrefabAsset: {fileID: 0}
--- !u!1001 &8562656763665233527
PrefabInstance:
  m_ObjectHideFlags: 0
  serializedVersion: 2
  m_Modification:
    m_TransformParent: {fileID: 654164521937519078}
    m_Modifications:
    - target: {fileID: 503660831653859286, guid: cbb52a1482510c14ab8c3d7cc2c8495b, type: 3}
      propertyPath: m_Name
      value: Enemy Viper 2
      objectReference: {fileID: 0}
    - target: {fileID: 988131611062162796, guid: cbb52a1482510c14ab8c3d7cc2c8495b, type: 3}
      propertyPath: m_RootOrder
      value: 0
      objectReference: {fileID: 0}
    - target: {fileID: 988131611062162796, guid: cbb52a1482510c14ab8c3d7cc2c8495b, type: 3}
      propertyPath: m_LocalPosition.x
      value: 0
      objectReference: {fileID: 0}
    - target: {fileID: 988131611062162796, guid: cbb52a1482510c14ab8c3d7cc2c8495b, type: 3}
      propertyPath: m_LocalPosition.y
      value: 0
      objectReference: {fileID: 0}
    - target: {fileID: 988131611062162796, guid: cbb52a1482510c14ab8c3d7cc2c8495b, type: 3}
      propertyPath: m_LocalPosition.z
      value: 0
      objectReference: {fileID: 0}
    - target: {fileID: 988131611062162796, guid: cbb52a1482510c14ab8c3d7cc2c8495b, type: 3}
      propertyPath: m_LocalRotation.w
      value: 0.9065659
      objectReference: {fileID: 0}
    - target: {fileID: 988131611062162796, guid: cbb52a1482510c14ab8c3d7cc2c8495b, type: 3}
      propertyPath: m_LocalRotation.x
      value: 0.00000001981363
      objectReference: {fileID: 0}
    - target: {fileID: 988131611062162796, guid: cbb52a1482510c14ab8c3d7cc2c8495b, type: 3}
      propertyPath: m_LocalRotation.y
      value: 0.42206433
      objectReference: {fileID: 0}
    - target: {fileID: 988131611062162796, guid: cbb52a1482510c14ab8c3d7cc2c8495b, type: 3}
      propertyPath: m_LocalRotation.z
      value: 0.0000000092245065
      objectReference: {fileID: 0}
    - target: {fileID: 988131611062162796, guid: cbb52a1482510c14ab8c3d7cc2c8495b, type: 3}
      propertyPath: m_LocalEulerAnglesHint.x
      value: 12.41171
      objectReference: {fileID: 0}
    - target: {fileID: 988131611062162796, guid: cbb52a1482510c14ab8c3d7cc2c8495b, type: 3}
      propertyPath: m_LocalEulerAnglesHint.y
      value: 312.5855
      objectReference: {fileID: 0}
    - target: {fileID: 988131611062162796, guid: cbb52a1482510c14ab8c3d7cc2c8495b, type: 3}
      propertyPath: m_LocalEulerAnglesHint.z
      value: 359.9488
      objectReference: {fileID: 0}
    m_RemovedComponents: []
  m_SourcePrefab: {fileID: 100100000, guid: cbb52a1482510c14ab8c3d7cc2c8495b, type: 3}
--- !u!1 &8082261684625684897 stripped
GameObject:
  m_CorrespondingSourceObject: {fileID: 503660831653859286, guid: cbb52a1482510c14ab8c3d7cc2c8495b, type: 3}
  m_PrefabInstance: {fileID: 8562656763665233527}
  m_PrefabAsset: {fileID: 0}
--- !u!4 &8890710957113565979 stripped
Transform:
  m_CorrespondingSourceObject: {fileID: 988131611062162796, guid: cbb52a1482510c14ab8c3d7cc2c8495b, type: 3}
  m_PrefabInstance: {fileID: 8562656763665233527}
  m_PrefabAsset: {fileID: 0}
