%YAML 1.1
%TAG !u! tag:unity3d.com,2011:
--- !u!29 &1
OcclusionCullingSettings:
  m_ObjectHideFlags: 0
  serializedVersion: 2
  m_OcclusionBakeSettings:
    smallestOccluder: 5
    smallestHole: 0.25
    backfaceThreshold: 100
  m_SceneGUID: 00000000000000000000000000000000
  m_OcclusionCullingData: {fileID: 0}
--- !u!104 &2
RenderSettings:
  m_ObjectHideFlags: 0
  serializedVersion: 9
  m_Fog: 1
  m_FogColor: {r: 0.3584906, g: 0.30709764, b: 0.09638661, a: 1}
  m_FogMode: 1
  m_FogDensity: 0.01
  m_LinearFogStart: 0
  m_LinearFogEnd: 420
  m_AmbientSkyColor: {r: 0.212, g: 0.227, b: 0.259, a: 1}
  m_AmbientEquatorColor: {r: 0.114, g: 0.125, b: 0.133, a: 1}
  m_AmbientGroundColor: {r: 0.047, g: 0.043, b: 0.035, a: 1}
  m_AmbientIntensity: 1
  m_AmbientMode: 0
  m_SubtractiveShadowColor: {r: 0.42, g: 0.478, b: 0.627, a: 1}
  m_SkyboxMaterial: {fileID: 2100000, guid: 5b21c6a8ce40f9641bd1204324b90b2c, type: 2}
  m_HaloStrength: 0.5
  m_FlareStrength: 1
  m_FlareFadeSpeed: 3
  m_HaloTexture: {fileID: 0}
  m_SpotCookie: {fileID: 10001, guid: 0000000000000000e000000000000000, type: 0}
  m_DefaultReflectionMode: 0
  m_DefaultReflectionResolution: 128
  m_ReflectionBounces: 1
  m_ReflectionIntensity: 1
  m_CustomReflection: {fileID: 0}
  m_Sun: {fileID: 705507994}
  m_IndirectSpecularColor: {r: 0.44299895, g: 0.54681283, b: 0.4302784, a: 1}
  m_UseRadianceAmbientProbe: 0
--- !u!157 &3
LightmapSettings:
  m_ObjectHideFlags: 0
  serializedVersion: 12
  m_GIWorkflowMode: 1
  m_GISettings:
    serializedVersion: 2
    m_BounceScale: 1
    m_IndirectOutputScale: 1
    m_AlbedoBoost: 1
    m_EnvironmentLightingMode: 0
    m_EnableBakedLightmaps: 1
    m_EnableRealtimeLightmaps: 0
  m_LightmapEditorSettings:
    serializedVersion: 12
    m_Resolution: 2
    m_BakeResolution: 40
    m_AtlasSize: 1024
    m_AO: 0
    m_AOMaxDistance: 1
    m_CompAOExponent: 1
    m_CompAOExponentDirect: 0
    m_ExtractAmbientOcclusion: 0
    m_Padding: 2
    m_LightmapParameters: {fileID: 0}
    m_LightmapsBakeMode: 1
    m_TextureCompression: 1
    m_FinalGather: 0
    m_FinalGatherFiltering: 1
    m_FinalGatherRayCount: 256
    m_ReflectionCompression: 2
    m_MixedBakeMode: 2
    m_BakeBackend: 1
    m_PVRSampling: 1
    m_PVRDirectSampleCount: 32
    m_PVRSampleCount: 500
    m_PVRBounces: 2
    m_PVREnvironmentSampleCount: 500
    m_PVREnvironmentReferencePointCount: 2048
    m_PVRFilteringMode: 2
    m_PVRDenoiserTypeDirect: 0
    m_PVRDenoiserTypeIndirect: 0
    m_PVRDenoiserTypeAO: 0
    m_PVRFilterTypeDirect: 0
    m_PVRFilterTypeIndirect: 0
    m_PVRFilterTypeAO: 0
    m_PVREnvironmentMIS: 0
    m_PVRCulling: 1
    m_PVRFilteringGaussRadiusDirect: 1
    m_PVRFilteringGaussRadiusIndirect: 5
    m_PVRFilteringGaussRadiusAO: 2
    m_PVRFilteringAtrousPositionSigmaDirect: 0.5
    m_PVRFilteringAtrousPositionSigmaIndirect: 2
    m_PVRFilteringAtrousPositionSigmaAO: 1
    m_ExportTrainingData: 0
    m_TrainingDataDestination: TrainingData
    m_LightProbeSampleCountMultiplier: 4
  m_LightingDataAsset: {fileID: 0}
  m_LightingSettings: {fileID: 0}
--- !u!196 &4
NavMeshSettings:
  serializedVersion: 2
  m_ObjectHideFlags: 0
  m_BuildSettings:
    serializedVersion: 2
    agentTypeID: 0
    agentRadius: 0.5
    agentHeight: 2
    agentSlope: 45
    agentClimb: 0.4
    ledgeDropHeight: 0
    maxJumpAcrossDistance: 0
    minRegionArea: 2
    manualCellSize: 0
    cellSize: 0.16666667
    manualTileSize: 0
    tileSize: 256
    accuratePlacement: 0
    maxJobWorkers: 0
    preserveTilesOutsideBounds: 0
    debug:
      m_Flags: 0
  m_NavMeshData: {fileID: 0}
--- !u!1001 &151231417
PrefabInstance:
  m_ObjectHideFlags: 0
  serializedVersion: 2
  m_Modification:
    m_TransformParent: {fileID: 0}
    m_Modifications:
    - target: {fileID: 4354049411436898000, guid: 0f4e754ca7954344b8979c7221972a74, type: 3}
      propertyPath: m_RootOrder
      value: 10
      objectReference: {fileID: 0}
    - target: {fileID: 4354049411436898000, guid: 0f4e754ca7954344b8979c7221972a74, type: 3}
      propertyPath: m_LocalPosition.x
      value: 56.3
      objectReference: {fileID: 0}
    - target: {fileID: 4354049411436898000, guid: 0f4e754ca7954344b8979c7221972a74, type: 3}
      propertyPath: m_LocalPosition.y
      value: 85.91
      objectReference: {fileID: 0}
    - target: {fileID: 4354049411436898000, guid: 0f4e754ca7954344b8979c7221972a74, type: 3}
      propertyPath: m_LocalPosition.z
      value: 127.5
      objectReference: {fileID: 0}
    - target: {fileID: 4354049411436898000, guid: 0f4e754ca7954344b8979c7221972a74, type: 3}
      propertyPath: m_LocalRotation.w
      value: -0.026647836
      objectReference: {fileID: 0}
    - target: {fileID: 4354049411436898000, guid: 0f4e754ca7954344b8979c7221972a74, type: 3}
      propertyPath: m_LocalRotation.x
      value: -0.007276355
      objectReference: {fileID: 0}
    - target: {fileID: 4354049411436898000, guid: 0f4e754ca7954344b8979c7221972a74, type: 3}
      propertyPath: m_LocalRotation.y
      value: 0.95477813
      objectReference: {fileID: 0}
    - target: {fileID: 4354049411436898000, guid: 0f4e754ca7954344b8979c7221972a74, type: 3}
      propertyPath: m_LocalRotation.z
      value: -0.29603323
      objectReference: {fileID: 0}
    - target: {fileID: 4354049411436898000, guid: 0f4e754ca7954344b8979c7221972a74, type: 3}
      propertyPath: m_LocalEulerAnglesHint.x
      value: 34.45
      objectReference: {fileID: 0}
    - target: {fileID: 4354049411436898000, guid: 0f4e754ca7954344b8979c7221972a74, type: 3}
      propertyPath: m_LocalEulerAnglesHint.y
      value: 183.238
      objectReference: {fileID: 0}
    - target: {fileID: 4354049411436898000, guid: 0f4e754ca7954344b8979c7221972a74, type: 3}
      propertyPath: m_LocalEulerAnglesHint.z
      value: 0.131
      objectReference: {fileID: 0}
    - target: {fileID: 4354049411436898001, guid: 0f4e754ca7954344b8979c7221972a74, type: 3}
      propertyPath: m_Intensity
      value: 1.2
      objectReference: {fileID: 0}
    - target: {fileID: 4354049411436898002, guid: 0f4e754ca7954344b8979c7221972a74, type: 3}
      propertyPath: m_Name
      value: Sun Light
      objectReference: {fileID: 0}
    m_RemovedComponents: []
  m_SourcePrefab: {fileID: 100100000, guid: 0f4e754ca7954344b8979c7221972a74, type: 3}
--- !u!1 &469264577
GameObject:
  m_ObjectHideFlags: 0
  m_CorrespondingSourceObject: {fileID: 0}
  m_PrefabInstance: {fileID: 0}
  m_PrefabAsset: {fileID: 0}
  serializedVersion: 6
  m_Component:
  - component: {fileID: 469264580}
  - component: {fileID: 469264579}
  - component: {fileID: 469264578}
  m_Layer: 0
  m_Name: Terrain
  m_TagString: Untagged
  m_Icon: {fileID: 0}
  m_NavMeshLayer: 0
  m_StaticEditorFlags: 4294967295
  m_IsActive: 1
--- !u!154 &469264578
TerrainCollider:
  m_ObjectHideFlags: 0
  m_CorrespondingSourceObject: {fileID: 0}
  m_PrefabInstance: {fileID: 0}
  m_PrefabAsset: {fileID: 0}
  m_GameObject: {fileID: 469264577}
  m_Material: {fileID: 0}
  m_Enabled: 1
  m_TerrainData: {fileID: 15600000, guid: 041014dac0edc154bb919f2ec908e0ce, type: 2}
  m_EnableTreeColliders: 0
--- !u!218 &469264579
Terrain:
  m_ObjectHideFlags: 0
  m_CorrespondingSourceObject: {fileID: 0}
  m_PrefabInstance: {fileID: 0}
  m_PrefabAsset: {fileID: 0}
  m_GameObject: {fileID: 469264577}
  m_Enabled: 1
  serializedVersion: 6
  m_TerrainData: {fileID: 15600000, guid: 041014dac0edc154bb919f2ec908e0ce, type: 2}
  m_TreeDistance: 5000
  m_TreeBillboardDistance: 50
  m_TreeCrossFadeLength: 5
  m_TreeMaximumFullLODCount: 50
  m_DetailObjectDistance: 80
  m_DetailObjectDensity: 1
  m_HeightmapPixelError: 5
  m_SplatMapDistance: 1000
  m_HeightmapMaximumLOD: 0
  m_ShadowCastingMode: 2
  m_DrawHeightmap: 1
  m_DrawInstanced: 0
  m_DrawTreesAndFoliage: 1
  m_ReflectionProbeUsage: 1
  m_MaterialTemplate: {fileID: 10652, guid: 0000000000000000f000000000000000, type: 0}
  m_BakeLightProbesForTrees: 1
  m_PreserveTreePrototypeLayers: 0
  m_DeringLightProbesForTrees: 1
  m_ScaleInLightmap: 0.0256
  m_LightmapParameters: {fileID: 15203, guid: 0000000000000000f000000000000000, type: 0}
  m_GroupingID: 0
  m_RenderingLayerMask: 1
  m_AllowAutoConnect: 1
--- !u!4 &469264580
Transform:
  m_ObjectHideFlags: 0
  m_CorrespondingSourceObject: {fileID: 0}
  m_PrefabInstance: {fileID: 0}
  m_PrefabAsset: {fileID: 0}
  m_GameObject: {fileID: 469264577}
  m_LocalRotation: {x: 0, y: 0, z: 0, w: 1}
  m_LocalPosition: {x: 0, y: -100, z: 0}
  m_LocalScale: {x: 1, y: 1, z: 1}
  m_Children: []
  m_Father: {fileID: 0}
  m_RootOrder: 1
  m_LocalEulerAnglesHint: {x: 0, y: 0, z: 0}
--- !u!1 &577910410
GameObject:
  m_ObjectHideFlags: 0
  m_CorrespondingSourceObject: {fileID: 0}
  m_PrefabInstance: {fileID: 0}
  m_PrefabAsset: {fileID: 0}
  serializedVersion: 6
  m_Component:
  - component: {fileID: 577910412}
  - component: {fileID: 577910411}
  m_Layer: 0
  m_Name: Master Timeline
  m_TagString: Untagged
  m_Icon: {fileID: 0}
  m_NavMeshLayer: 0
  m_StaticEditorFlags: 0
  m_IsActive: 1
--- !u!320 &577910411
PlayableDirector:
  m_ObjectHideFlags: 0
  m_CorrespondingSourceObject: {fileID: 0}
  m_PrefabInstance: {fileID: 0}
  m_PrefabAsset: {fileID: 0}
  m_GameObject: {fileID: 577910410}
  m_Enabled: 1
  serializedVersion: 3
  m_PlayableAsset: {fileID: 11400000, guid: e2234e65a34736b49afcf384720ab932, type: 2}
  m_InitialState: 1
  m_WrapMode: 2
  m_DirectorUpdateMode: 1
  m_InitialTime: 0
  m_SceneBindings:
  - key: {fileID: -4621606680368038756, guid: e2234e65a34736b49afcf384720ab932, type: 2}
    value: {fileID: 1440845533}
  - key: {fileID: -1446563811854128684, guid: e2234e65a34736b49afcf384720ab932, type: 2}
    value: {fileID: 0}
  m_ExposedReferences:
    m_References:
    - 42b0b67245808f24291a2a443f90dee8: {fileID: 0}
    - 5e1d2a66a9f84904686e356180952593: {fileID: 9208564721244560382}
    - def4bef8f1cbbaf4ca1cff94c3a7c184: {fileID: 9208564721244560382}
    - c5845963d3fb48c4f890972cc4c0beea: {fileID: 9208564721244560382}
    - 86771f9939cc68440864d39ac3608e05: {fileID: 3139823391941374840}
    - 0297e9a12a991d04499d67a73343fbf1: {fileID: 5468246109037822017}
    - 3bc52d65ca4bd8447b035ec2d1466dd5: {fileID: 2581502819894092411}
    - 508adb3faa0c2c24c99b5745f9652e5d: {fileID: 5943844452538183983}
    - 5e761e3b1f66daa4f8c446a376a3badd: {fileID: 2581502819894092411}
    - 332dee1f93f8579449211df660f16e1f: {fileID: 9208564721244560382}
    - a72d8b8842fe7b54396d0428e10c847e: {fileID: 0}
    - 71510012cd6c6dd4aafc050a1a66b53b: {fileID: 2370837985099832201}
    - 328e4b64cb068b64a84435aaa6da113d: {fileID: 2370837985099832201}
    - 1d53f3bd03b0ed242afa2c7b15982bf3: {fileID: 9208564721244560382}
--- !u!4 &577910412
Transform:
  m_ObjectHideFlags: 0
  m_CorrespondingSourceObject: {fileID: 0}
  m_PrefabInstance: {fileID: 0}
  m_PrefabAsset: {fileID: 0}
  m_GameObject: {fileID: 577910410}
  m_LocalRotation: {x: 0, y: 0, z: 0, w: 1}
  m_LocalPosition: {x: 49.211872, y: 59.42366, z: 19.935078}
  m_LocalScale: {x: 1, y: 1, z: 1}
  m_Children: []
  m_Father: {fileID: 0}
  m_RootOrder: 3
  m_LocalEulerAnglesHint: {x: 0, y: 0, z: 0}
--- !u!108 &705507994 stripped
Light:
  m_CorrespondingSourceObject: {fileID: 4354049411436898001, guid: 0f4e754ca7954344b8979c7221972a74, type: 3}
  m_PrefabInstance: {fileID: 4354049411001406539}
  m_PrefabAsset: {fileID: 0}
--- !u!1 &992747104
GameObject:
  m_ObjectHideFlags: 0
  m_CorrespondingSourceObject: {fileID: 0}
  m_PrefabInstance: {fileID: 0}
  m_PrefabAsset: {fileID: 0}
  serializedVersion: 6
  m_Component:
  - component: {fileID: 992747108}
  - component: {fileID: 992747107}
  - component: {fileID: 992747106}
  - component: {fileID: 992747109}
  - component: {fileID: 992747105}
  m_Layer: 0
  m_Name: Bridge
  m_TagString: Untagged
  m_Icon: {fileID: 0}
  m_NavMeshLayer: 0
  m_StaticEditorFlags: 0
  m_IsActive: 1
--- !u!65 &992747105
BoxCollider:
  m_ObjectHideFlags: 0
  m_CorrespondingSourceObject: {fileID: 0}
  m_PrefabInstance: {fileID: 0}
  m_PrefabAsset: {fileID: 0}
  m_GameObject: {fileID: 992747104}
  m_Material: {fileID: 0}
  m_IsTrigger: 0
  m_Enabled: 1
  serializedVersion: 2
  m_Size: {x: 1, y: 1, z: 1}
  m_Center: {x: 0, y: 0, z: 0}
--- !u!23 &992747106
MeshRenderer:
  m_ObjectHideFlags: 0
  m_CorrespondingSourceObject: {fileID: 0}
  m_PrefabInstance: {fileID: 0}
  m_PrefabAsset: {fileID: 0}
  m_GameObject: {fileID: 992747104}
  m_Enabled: 1
  m_CastShadows: 1
  m_ReceiveShadows: 1
  m_DynamicOccludee: 1
  m_MotionVectors: 1
  m_LightProbeUsage: 1
  m_ReflectionProbeUsage: 1
  m_RayTracingMode: 2
  m_RayTraceProcedural: 0
  m_RenderingLayerMask: 1
  m_RendererPriority: 0
  m_Materials:
  - {fileID: 2100000, guid: 06b9c1923c87d6c468b2188f4e613b9a, type: 2}
  m_StaticBatchInfo:
    firstSubMesh: 0
    subMeshCount: 0
  m_StaticBatchRoot: {fileID: 0}
  m_ProbeAnchor: {fileID: 0}
  m_LightProbeVolumeOverride: {fileID: 0}
  m_ScaleInLightmap: 1
  m_ReceiveGI: 1
  m_PreserveUVs: 0
  m_IgnoreNormalsForChartDetection: 0
  m_ImportantGI: 0
  m_StitchLightmapSeams: 1
  m_SelectedEditorRenderState: 3
  m_MinimumChartSize: 4
  m_AutoUVMaxDistance: 0.5
  m_AutoUVMaxAngle: 89
  m_LightmapParameters: {fileID: 0}
  m_SortingLayerID: 0
  m_SortingLayer: 0
  m_SortingOrder: 0
  m_AdditionalVertexStreams: {fileID: 0}
--- !u!33 &992747107
MeshFilter:
  m_ObjectHideFlags: 0
  m_CorrespondingSourceObject: {fileID: 0}
  m_PrefabInstance: {fileID: 0}
  m_PrefabAsset: {fileID: 0}
  m_GameObject: {fileID: 992747104}
  m_Mesh: {fileID: 10202, guid: 0000000000000000e000000000000000, type: 0}
--- !u!4 &992747108
Transform:
  m_ObjectHideFlags: 0
  m_CorrespondingSourceObject: {fileID: 0}
  m_PrefabInstance: {fileID: 0}
  m_PrefabAsset: {fileID: 0}
  m_GameObject: {fileID: 992747104}
  m_LocalRotation: {x: -0, y: 0.39189023, z: -0, w: 0.920012}
  m_LocalPosition: {x: 183.7, y: 47.7, z: 259.9}
  m_LocalScale: {x: 102.66661, y: 5.408447, z: 5.4832106}
  m_Children: []
  m_Father: {fileID: 0}
  m_RootOrder: 4
  m_LocalEulerAnglesHint: {x: 0, y: 46.144, z: 0}
--- !u!114 &992747109
MonoBehaviour:
  m_ObjectHideFlags: 0
  m_CorrespondingSourceObject: {fileID: 0}
  m_PrefabInstance: {fileID: 0}
  m_PrefabAsset: {fileID: 0}
  m_GameObject: {fileID: 992747104}
  m_Enabled: 1
  m_EditorHideFlags: 0
  m_Script: {fileID: 11500000, guid: c5c55fb4cc9533a4e8184032c36a9825, type: 3}
  m_Name: 
  m_EditorClassIdentifier: 
  deathFX: {fileID: 1005513012952913202, guid: f3b21369510f7df4f81506401aa2a3c6, type: 3}
  hitVFX: {fileID: 1005513012952913202, guid: 8edee356d66059744807357be191b965, type: 3}
  scorePerHit: 15
  hitPoints: 4
--- !u!1 &1323898124
GameObject:
  m_ObjectHideFlags: 0
  m_CorrespondingSourceObject: {fileID: 0}
  m_PrefabInstance: {fileID: 0}
  m_PrefabAsset: {fileID: 0}
  serializedVersion: 6
  m_Component:
  - component: {fileID: 1323898126}
  - component: {fileID: 1323898125}
  - component: {fileID: 1323898127}
  m_Layer: 0
  m_Name: Music Player
  m_TagString: Untagged
  m_Icon: {fileID: 0}
  m_NavMeshLayer: 0
  m_StaticEditorFlags: 0
  m_IsActive: 1
--- !u!82 &1323898125
AudioSource:
  m_ObjectHideFlags: 0
  m_CorrespondingSourceObject: {fileID: 0}
  m_PrefabInstance: {fileID: 0}
  m_PrefabAsset: {fileID: 0}
  m_GameObject: {fileID: 1323898124}
  m_Enabled: 1
  serializedVersion: 4
  OutputAudioMixerGroup: {fileID: 0}
  m_audioClip: {fileID: 8300000, guid: 0063a293f42e42a4ab27404992432d8a, type: 3}
  m_PlayOnAwake: 1
  m_Volume: 0.196
  m_Pitch: 1
  Loop: 1
  Mute: 0
  Spatialize: 0
  SpatializePostEffects: 0
  Priority: 128
  DopplerLevel: 1
  MinDistance: 1
  MaxDistance: 500
  Pan2D: 0
  rolloffMode: 0
  BypassEffects: 0
  BypassListenerEffects: 0
  BypassReverbZones: 0
  rolloffCustomCurve:
    serializedVersion: 2
    m_Curve:
    - serializedVersion: 3
      time: 0
      value: 1
      inSlope: 0
      outSlope: 0
      tangentMode: 0
      weightedMode: 0
      inWeight: 0.33333334
      outWeight: 0.33333334
    - serializedVersion: 3
      time: 1
      value: 0
      inSlope: 0
      outSlope: 0
      tangentMode: 0
      weightedMode: 0
      inWeight: 0.33333334
      outWeight: 0.33333334
    m_PreInfinity: 2
    m_PostInfinity: 2
    m_RotationOrder: 4
  panLevelCustomCurve:
    serializedVersion: 2
    m_Curve:
    - serializedVersion: 3
      time: 0
      value: 0
      inSlope: 0
      outSlope: 0
      tangentMode: 0
      weightedMode: 0
      inWeight: 0.33333334
      outWeight: 0.33333334
    m_PreInfinity: 2
    m_PostInfinity: 2
    m_RotationOrder: 4
  spreadCustomCurve:
    serializedVersion: 2
    m_Curve:
    - serializedVersion: 3
      time: 0
      value: 0
      inSlope: 0
      outSlope: 0
      tangentMode: 0
      weightedMode: 0
      inWeight: 0.33333334
      outWeight: 0.33333334
    m_PreInfinity: 2
    m_PostInfinity: 2
    m_RotationOrder: 4
  reverbZoneMixCustomCurve:
    serializedVersion: 2
    m_Curve:
    - serializedVersion: 3
      time: 0
      value: 1
      inSlope: 0
      outSlope: 0
      tangentMode: 0
      weightedMode: 0
      inWeight: 0.33333334
      outWeight: 0.33333334
    m_PreInfinity: 2
    m_PostInfinity: 2
    m_RotationOrder: 4
--- !u!4 &1323898126
Transform:
  m_ObjectHideFlags: 0
  m_CorrespondingSourceObject: {fileID: 0}
  m_PrefabInstance: {fileID: 0}
  m_PrefabAsset: {fileID: 0}
  m_GameObject: {fileID: 1323898124}
  m_LocalRotation: {x: 0, y: 0, z: 0, w: 1}
  m_LocalPosition: {x: 0, y: 0, z: 0}
  m_LocalScale: {x: 1, y: 1, z: 1}
  m_Children: []
  m_Father: {fileID: 0}
  m_RootOrder: 9
  m_LocalEulerAnglesHint: {x: 0, y: 0, z: 0}
--- !u!114 &1323898127
MonoBehaviour:
  m_ObjectHideFlags: 0
  m_CorrespondingSourceObject: {fileID: 0}
  m_PrefabInstance: {fileID: 0}
  m_PrefabAsset: {fileID: 0}
  m_GameObject: {fileID: 1323898124}
  m_Enabled: 1
  m_EditorHideFlags: 0
  m_Script: {fileID: 11500000, guid: 26116f9e35e006d42827d72801fc16a7, type: 3}
  m_Name: 
  m_EditorClassIdentifier: 
--- !u!1 &1428947598
GameObject:
  m_ObjectHideFlags: 0
  m_CorrespondingSourceObject: {fileID: 0}
  m_PrefabInstance: {fileID: 0}
  m_PrefabAsset: {fileID: 0}
  serializedVersion: 6
  m_Component:
  - component: {fileID: 1428947601}
  - component: {fileID: 1428947600}
  - component: {fileID: 1428947599}
  m_Layer: 0
  m_Name: EventSystem
  m_TagString: Untagged
  m_Icon: {fileID: 0}
  m_NavMeshLayer: 0
  m_StaticEditorFlags: 0
  m_IsActive: 1
--- !u!114 &1428947599
MonoBehaviour:
  m_ObjectHideFlags: 0
  m_CorrespondingSourceObject: {fileID: 0}
  m_PrefabInstance: {fileID: 0}
  m_PrefabAsset: {fileID: 0}
  m_GameObject: {fileID: 1428947598}
  m_Enabled: 1
  m_EditorHideFlags: 0
  m_Script: {fileID: 11500000, guid: 4f231c4fb786f3946a6b90b886c48677, type: 3}
  m_Name: 
  m_EditorClassIdentifier: 
  m_HorizontalAxis: Horizontal
  m_VerticalAxis: Vertical
  m_SubmitButton: Submit
  m_CancelButton: Cancel
  m_InputActionsPerSecond: 10
  m_RepeatDelay: 0.5
  m_ForceModuleActive: 0
--- !u!114 &1428947600
MonoBehaviour:
  m_ObjectHideFlags: 0
  m_CorrespondingSourceObject: {fileID: 0}
  m_PrefabInstance: {fileID: 0}
  m_PrefabAsset: {fileID: 0}
  m_GameObject: {fileID: 1428947598}
  m_Enabled: 1
  m_EditorHideFlags: 0
  m_Script: {fileID: 11500000, guid: 76c392e42b5098c458856cdf6ecaaaa1, type: 3}
  m_Name: 
  m_EditorClassIdentifier: 
  m_FirstSelected: {fileID: 0}
  m_sendNavigationEvents: 1
  m_DragThreshold: 10
--- !u!4 &1428947601
Transform:
  m_ObjectHideFlags: 0
  m_CorrespondingSourceObject: {fileID: 0}
  m_PrefabInstance: {fileID: 0}
  m_PrefabAsset: {fileID: 0}
  m_GameObject: {fileID: 1428947598}
  m_LocalRotation: {x: 0, y: 0, z: 0, w: 1}
  m_LocalPosition: {x: 0, y: 0, z: 0}
  m_LocalScale: {x: 1, y: 1, z: 1}
  m_Children: []
  m_Father: {fileID: 0}
  m_RootOrder: 7
  m_LocalEulerAnglesHint: {x: 0, y: 0, z: 0}
--- !u!95 &1440845533 stripped
Animator:
  m_CorrespondingSourceObject: {fileID: 2119187359426361252, guid: 073ae96daefb47f47b530f264bc039c3, type: 3}
  m_PrefabInstance: {fileID: 2119187358686034297}
  m_PrefabAsset: {fileID: 0}
--- !u!1 &1523344818
GameObject:
  m_ObjectHideFlags: 0
  m_CorrespondingSourceObject: {fileID: 0}
  m_PrefabInstance: {fileID: 0}
  m_PrefabAsset: {fileID: 0}
  serializedVersion: 6
  m_Component:
  - component: {fileID: 1523344819}
  m_Layer: 0
  m_Name: Enemy Waves
  m_TagString: Untagged
  m_Icon: {fileID: 0}
  m_NavMeshLayer: 0
  m_StaticEditorFlags: 0
  m_IsActive: 1
--- !u!4 &1523344819
Transform:
  m_ObjectHideFlags: 0
  m_CorrespondingSourceObject: {fileID: 0}
  m_PrefabInstance: {fileID: 0}
  m_PrefabAsset: {fileID: 0}
  m_GameObject: {fileID: 1523344818}
  m_LocalRotation: {x: 0, y: 0, z: 0, w: 1}
  m_LocalPosition: {x: 0, y: 0, z: 0}
  m_LocalScale: {x: 1, y: 1, z: 1}
  m_Children:
  - {fileID: 5468246109037822016}
  - {fileID: 4337850989400445946}
  - {fileID: 2581502819894092410}
  - {fileID: 5943844452538183982}
  - {fileID: 3139823391941374839}
  m_Father: {fileID: 0}
  m_RootOrder: 8
  m_LocalEulerAnglesHint: {x: 0, y: 0, z: 0}
--- !u!1001 &201720005902599197
PrefabInstance:
  m_ObjectHideFlags: 0
  serializedVersion: 2
  m_Modification:
    m_TransformParent: {fileID: 0}
    m_Modifications:
    - target: {fileID: 201720005882683437, guid: 593834290110d9244a8f29cc001a5c6f, type: 3}
      propertyPath: m_RootOrder
      value: 5
      objectReference: {fileID: 0}
    - target: {fileID: 201720005882683437, guid: 593834290110d9244a8f29cc001a5c6f, type: 3}
      propertyPath: m_LocalPosition.x
      value: 0
      objectReference: {fileID: 0}
    - target: {fileID: 201720005882683437, guid: 593834290110d9244a8f29cc001a5c6f, type: 3}
      propertyPath: m_LocalPosition.y
      value: 0
      objectReference: {fileID: 0}
    - target: {fileID: 201720005882683437, guid: 593834290110d9244a8f29cc001a5c6f, type: 3}
      propertyPath: m_LocalPosition.z
      value: 0
      objectReference: {fileID: 0}
    - target: {fileID: 201720005882683437, guid: 593834290110d9244a8f29cc001a5c6f, type: 3}
      propertyPath: m_LocalRotation.w
      value: 1
      objectReference: {fileID: 0}
    - target: {fileID: 201720005882683437, guid: 593834290110d9244a8f29cc001a5c6f, type: 3}
      propertyPath: m_LocalRotation.x
      value: 0
      objectReference: {fileID: 0}
    - target: {fileID: 201720005882683437, guid: 593834290110d9244a8f29cc001a5c6f, type: 3}
      propertyPath: m_LocalRotation.y
      value: 0
      objectReference: {fileID: 0}
    - target: {fileID: 201720005882683437, guid: 593834290110d9244a8f29cc001a5c6f, type: 3}
      propertyPath: m_LocalRotation.z
      value: 0
      objectReference: {fileID: 0}
    - target: {fileID: 201720005882683437, guid: 593834290110d9244a8f29cc001a5c6f, type: 3}
      propertyPath: m_LocalEulerAnglesHint.x
      value: 0
      objectReference: {fileID: 0}
    - target: {fileID: 201720005882683437, guid: 593834290110d9244a8f29cc001a5c6f, type: 3}
      propertyPath: m_LocalEulerAnglesHint.y
      value: 0
      objectReference: {fileID: 0}
    - target: {fileID: 201720005882683437, guid: 593834290110d9244a8f29cc001a5c6f, type: 3}
      propertyPath: m_LocalEulerAnglesHint.z
      value: 0
      objectReference: {fileID: 0}
    - target: {fileID: 201720005882683442, guid: 593834290110d9244a8f29cc001a5c6f, type: 3}
      propertyPath: m_Name
      value: Spawn at Runtime
      objectReference: {fileID: 0}
    m_RemovedComponents: []
  m_SourcePrefab: {fileID: 100100000, guid: 593834290110d9244a8f29cc001a5c6f, type: 3}
--- !u!1001 &2119187358686034297
PrefabInstance:
  m_ObjectHideFlags: 0
  serializedVersion: 2
  m_Modification:
    m_TransformParent: {fileID: 0}
    m_Modifications:
    - target: {fileID: 2119187357756527629, guid: 073ae96daefb47f47b530f264bc039c3, type: 3}
      propertyPath: m_LocalPosition.x
      value: -0
      objectReference: {fileID: 0}
    - target: {fileID: 2119187357756527629, guid: 073ae96daefb47f47b530f264bc039c3, type: 3}
      propertyPath: m_LocalPosition.y
      value: 3
      objectReference: {fileID: 0}
    - target: {fileID: 2119187357756527629, guid: 073ae96daefb47f47b530f264bc039c3, type: 3}
      propertyPath: m_LocalPosition.z
      value: -29.23
      objectReference: {fileID: 0}
    - target: {fileID: 2119187359426361250, guid: 073ae96daefb47f47b530f264bc039c3, type: 3}
      propertyPath: m_Name
      value: Player Rig
      objectReference: {fileID: 0}
    - target: {fileID: 2119187359426361253, guid: 073ae96daefb47f47b530f264bc039c3, type: 3}
      propertyPath: m_RootOrder
      value: 2
      objectReference: {fileID: 0}
    - target: {fileID: 2119187359426361253, guid: 073ae96daefb47f47b530f264bc039c3, type: 3}
      propertyPath: m_LocalPosition.x
      value: 65.48
      objectReference: {fileID: 0}
    - target: {fileID: 2119187359426361253, guid: 073ae96daefb47f47b530f264bc039c3, type: 3}
      propertyPath: m_LocalPosition.y
      value: 28.61
      objectReference: {fileID: 0}
    - target: {fileID: 2119187359426361253, guid: 073ae96daefb47f47b530f264bc039c3, type: 3}
      propertyPath: m_LocalPosition.z
      value: 47.02
      objectReference: {fileID: 0}
    - target: {fileID: 2119187359426361253, guid: 073ae96daefb47f47b530f264bc039c3, type: 3}
      propertyPath: m_LocalRotation.w
      value: 0.97101593
      objectReference: {fileID: 0}
    - target: {fileID: 2119187359426361253, guid: 073ae96daefb47f47b530f264bc039c3, type: 3}
      propertyPath: m_LocalRotation.x
      value: 0
      objectReference: {fileID: 0}
    - target: {fileID: 2119187359426361253, guid: 073ae96daefb47f47b530f264bc039c3, type: 3}
      propertyPath: m_LocalRotation.y
      value: 0.23901492
      objectReference: {fileID: 0}
    - target: {fileID: 2119187359426361253, guid: 073ae96daefb47f47b530f264bc039c3, type: 3}
      propertyPath: m_LocalRotation.z
      value: 0
      objectReference: {fileID: 0}
    - target: {fileID: 2119187359426361253, guid: 073ae96daefb47f47b530f264bc039c3, type: 3}
      propertyPath: m_LocalEulerAnglesHint.x
      value: 7.082816
      objectReference: {fileID: 0}
    - target: {fileID: 2119187359426361253, guid: 073ae96daefb47f47b530f264bc039c3, type: 3}
      propertyPath: m_LocalEulerAnglesHint.y
      value: 11.30489
      objectReference: {fileID: 0}
    - target: {fileID: 2119187359426361253, guid: 073ae96daefb47f47b530f264bc039c3, type: 3}
      propertyPath: m_LocalEulerAnglesHint.z
      value: 359.9502
      objectReference: {fileID: 0}
    - target: {fileID: 7820702258771996531, guid: 073ae96daefb47f47b530f264bc039c3, type: 3}
      propertyPath: m_LocalPosition.x
      value: 0
      objectReference: {fileID: 0}
    - target: {fileID: 7820702258771996531, guid: 073ae96daefb47f47b530f264bc039c3, type: 3}
      propertyPath: m_LocalPosition.y
      value: 0
      objectReference: {fileID: 0}
    - target: {fileID: 7820702258771996531, guid: 073ae96daefb47f47b530f264bc039c3, type: 3}
      propertyPath: m_LocalPosition.z
      value: 0
      objectReference: {fileID: 0}
    - target: {fileID: 8853536971900439885, guid: 073ae96daefb47f47b530f264bc039c3, type: 3}
      propertyPath: looping
      value: 1
      objectReference: {fileID: 0}
    m_RemovedComponents: []
  m_SourcePrefab: {fileID: 100100000, guid: 073ae96daefb47f47b530f264bc039c3, type: 3}
--- !u!1 &2370837985099832201 stripped
GameObject:
  m_CorrespondingSourceObject: {fileID: 5028374745435922303, guid: 43f1cf7857b56ec4aae5a157eb68cd82, type: 3}
  m_PrefabInstance: {fileID: 7290915095765320950}
  m_PrefabAsset: {fileID: 0}
--- !u!1001 &2581502819894092409
PrefabInstance:
  m_ObjectHideFlags: 0
  serializedVersion: 2
  m_Modification:
    m_TransformParent: {fileID: 1523344819}
    m_Modifications:
    - target: {fileID: 3013511719237271410, guid: d9f4a9aba2a15594a9a180b90aa66740, type: 3}
      propertyPath: m_LocalPosition.x
      value: -3.8
      objectReference: {fileID: 0}
    - target: {fileID: 3013511719237271410, guid: d9f4a9aba2a15594a9a180b90aa66740, type: 3}
      propertyPath: m_LocalPosition.y
      value: -8.7
      objectReference: {fileID: 0}
    - target: {fileID: 3013511719237271410, guid: d9f4a9aba2a15594a9a180b90aa66740, type: 3}
      propertyPath: m_LocalPosition.z
      value: -1.1
      objectReference: {fileID: 0}
    - target: {fileID: 3013511719237271410, guid: d9f4a9aba2a15594a9a180b90aa66740, type: 3}
      propertyPath: m_LocalRotation.w
      value: 0.1622555
      objectReference: {fileID: 0}
    - target: {fileID: 3013511719237271410, guid: d9f4a9aba2a15594a9a180b90aa66740, type: 3}
      propertyPath: m_LocalRotation.x
      value: 0
      objectReference: {fileID: 0}
    - target: {fileID: 3013511719237271410, guid: d9f4a9aba2a15594a9a180b90aa66740, type: 3}
      propertyPath: m_LocalRotation.y
      value: 0.9867488
      objectReference: {fileID: 0}
    - target: {fileID: 3013511719237271410, guid: d9f4a9aba2a15594a9a180b90aa66740, type: 3}
      propertyPath: m_LocalRotation.z
      value: 0
      objectReference: {fileID: 0}
    - target: {fileID: 4082092374418742777, guid: d9f4a9aba2a15594a9a180b90aa66740, type: 3}
      propertyPath: m_Name
      value: Wave 3
      objectReference: {fileID: 0}
    - target: {fileID: 5354926866759908208, guid: d9f4a9aba2a15594a9a180b90aa66740, type: 3}
      propertyPath: m_RootOrder
      value: 2
      objectReference: {fileID: 0}
    - target: {fileID: 5354926866759908208, guid: d9f4a9aba2a15594a9a180b90aa66740, type: 3}
      propertyPath: m_LocalPosition.x
      value: 370.4
      objectReference: {fileID: 0}
    - target: {fileID: 5354926866759908208, guid: d9f4a9aba2a15594a9a180b90aa66740, type: 3}
      propertyPath: m_LocalPosition.y
      value: 37.7
      objectReference: {fileID: 0}
    - target: {fileID: 5354926866759908208, guid: d9f4a9aba2a15594a9a180b90aa66740, type: 3}
      propertyPath: m_LocalPosition.z
      value: 359.2
      objectReference: {fileID: 0}
    - target: {fileID: 5354926866759908208, guid: d9f4a9aba2a15594a9a180b90aa66740, type: 3}
      propertyPath: m_LocalRotation.w
      value: 1
      objectReference: {fileID: 0}
    - target: {fileID: 5354926866759908208, guid: d9f4a9aba2a15594a9a180b90aa66740, type: 3}
      propertyPath: m_LocalRotation.x
      value: 0
      objectReference: {fileID: 0}
    - target: {fileID: 5354926866759908208, guid: d9f4a9aba2a15594a9a180b90aa66740, type: 3}
      propertyPath: m_LocalRotation.y
      value: 0
      objectReference: {fileID: 0}
    - target: {fileID: 5354926866759908208, guid: d9f4a9aba2a15594a9a180b90aa66740, type: 3}
      propertyPath: m_LocalRotation.z
      value: 0
      objectReference: {fileID: 0}
    - target: {fileID: 5354926866759908208, guid: d9f4a9aba2a15594a9a180b90aa66740, type: 3}
      propertyPath: m_LocalEulerAnglesHint.x
      value: 0
      objectReference: {fileID: 0}
    - target: {fileID: 5354926866759908208, guid: d9f4a9aba2a15594a9a180b90aa66740, type: 3}
      propertyPath: m_LocalEulerAnglesHint.y
      value: 0
      objectReference: {fileID: 0}
    - target: {fileID: 5354926866759908208, guid: d9f4a9aba2a15594a9a180b90aa66740, type: 3}
      propertyPath: m_LocalEulerAnglesHint.z
      value: 0
      objectReference: {fileID: 0}
    m_RemovedComponents: []
  m_SourcePrefab: {fileID: 100100000, guid: d9f4a9aba2a15594a9a180b90aa66740, type: 3}
--- !u!4 &2581502819894092410 stripped
Transform:
  m_CorrespondingSourceObject: {fileID: 5354926866759908208, guid: d9f4a9aba2a15594a9a180b90aa66740, type: 3}
  m_PrefabInstance: {fileID: 2581502819894092409}
  m_PrefabAsset: {fileID: 0}
--- !u!1 &2581502819894092411 stripped
GameObject:
  m_CorrespondingSourceObject: {fileID: 4082092374418742777, guid: d9f4a9aba2a15594a9a180b90aa66740, type: 3}
  m_PrefabInstance: {fileID: 2581502819894092409}
  m_PrefabAsset: {fileID: 0}
--- !u!1001 &3139823391941374838
PrefabInstance:
  m_ObjectHideFlags: 0
  serializedVersion: 2
  m_Modification:
    m_TransformParent: {fileID: 1523344819}
    m_Modifications:
    - target: {fileID: 5985028740873445639, guid: d66d51a9e4e02f244b96d75491dda80c, type: 3}
      propertyPath: m_Name
      value: Wave 5
      objectReference: {fileID: 0}
    - target: {fileID: 6467107535684357911, guid: d66d51a9e4e02f244b96d75491dda80c, type: 3}
      propertyPath: m_RootOrder
      value: 4
      objectReference: {fileID: 0}
    - target: {fileID: 6467107535684357911, guid: d66d51a9e4e02f244b96d75491dda80c, type: 3}
      propertyPath: m_LocalPosition.x
      value: 112.8
      objectReference: {fileID: 0}
    - target: {fileID: 6467107535684357911, guid: d66d51a9e4e02f244b96d75491dda80c, type: 3}
      propertyPath: m_LocalPosition.y
      value: 38.5
      objectReference: {fileID: 0}
    - target: {fileID: 6467107535684357911, guid: d66d51a9e4e02f244b96d75491dda80c, type: 3}
      propertyPath: m_LocalPosition.z
      value: 375.9
      objectReference: {fileID: 0}
    - target: {fileID: 6467107535684357911, guid: d66d51a9e4e02f244b96d75491dda80c, type: 3}
      propertyPath: m_LocalRotation.w
      value: 1
      objectReference: {fileID: 0}
    - target: {fileID: 6467107535684357911, guid: d66d51a9e4e02f244b96d75491dda80c, type: 3}
      propertyPath: m_LocalRotation.x
      value: -0
      objectReference: {fileID: 0}
    - target: {fileID: 6467107535684357911, guid: d66d51a9e4e02f244b96d75491dda80c, type: 3}
      propertyPath: m_LocalRotation.y
      value: -0
      objectReference: {fileID: 0}
    - target: {fileID: 6467107535684357911, guid: d66d51a9e4e02f244b96d75491dda80c, type: 3}
      propertyPath: m_LocalRotation.z
      value: -0
      objectReference: {fileID: 0}
    - target: {fileID: 6467107535684357911, guid: d66d51a9e4e02f244b96d75491dda80c, type: 3}
      propertyPath: m_LocalEulerAnglesHint.x
      value: 0
      objectReference: {fileID: 0}
    - target: {fileID: 6467107535684357911, guid: d66d51a9e4e02f244b96d75491dda80c, type: 3}
      propertyPath: m_LocalEulerAnglesHint.y
      value: 0
      objectReference: {fileID: 0}
    - target: {fileID: 6467107535684357911, guid: d66d51a9e4e02f244b96d75491dda80c, type: 3}
      propertyPath: m_LocalEulerAnglesHint.z
      value: 0
      objectReference: {fileID: 0}
    - target: {fileID: 8793497701959414962, guid: d66d51a9e4e02f244b96d75491dda80c, type: 3}
      propertyPath: m_Size.x
      value: 5
      objectReference: {fileID: 0}
    m_RemovedComponents: []
  m_SourcePrefab: {fileID: 100100000, guid: d66d51a9e4e02f244b96d75491dda80c, type: 3}
--- !u!4 &3139823391941374839 stripped
Transform:
  m_CorrespondingSourceObject: {fileID: 6467107535684357911, guid: d66d51a9e4e02f244b96d75491dda80c, type: 3}
  m_PrefabInstance: {fileID: 3139823391941374838}
  m_PrefabAsset: {fileID: 0}
--- !u!1 &3139823391941374840 stripped
GameObject:
  m_CorrespondingSourceObject: {fileID: 5985028740873445639, guid: d66d51a9e4e02f244b96d75491dda80c, type: 3}
  m_PrefabInstance: {fileID: 3139823391941374838}
  m_PrefabAsset: {fileID: 0}
--- !u!4 &4337850989400445946 stripped
Transform:
  m_CorrespondingSourceObject: {fileID: 6421478702402131724, guid: 43f1cf7857b56ec4aae5a157eb68cd82, type: 3}
  m_PrefabInstance: {fileID: 7290915095765320950}
  m_PrefabAsset: {fileID: 0}
--- !u!1001 &4354049411001406539
PrefabInstance:
  m_ObjectHideFlags: 0
  serializedVersion: 2
  m_Modification:
    m_TransformParent: {fileID: 0}
    m_Modifications:
    - target: {fileID: 4354049411436898000, guid: 0f4e754ca7954344b8979c7221972a74, type: 3}
      propertyPath: m_RootOrder
      value: 0
      objectReference: {fileID: 0}
    - target: {fileID: 4354049411436898000, guid: 0f4e754ca7954344b8979c7221972a74, type: 3}
      propertyPath: m_LocalPosition.x
      value: 56.3
      objectReference: {fileID: 0}
    - target: {fileID: 4354049411436898000, guid: 0f4e754ca7954344b8979c7221972a74, type: 3}
      propertyPath: m_LocalPosition.y
      value: 72.1
      objectReference: {fileID: 0}
    - target: {fileID: 4354049411436898000, guid: 0f4e754ca7954344b8979c7221972a74, type: 3}
      propertyPath: m_LocalPosition.z
      value: 127.5
      objectReference: {fileID: 0}
    - target: {fileID: 4354049411436898000, guid: 0f4e754ca7954344b8979c7221972a74, type: 3}
      propertyPath: m_LocalRotation.w
      value: 0.8663402
      objectReference: {fileID: 0}
    - target: {fileID: 4354049411436898000, guid: 0f4e754ca7954344b8979c7221972a74, type: 3}
      propertyPath: m_LocalRotation.x
      value: 0.43438762
      objectReference: {fileID: 0}
    - target: {fileID: 4354049411436898000, guid: 0f4e754ca7954344b8979c7221972a74, type: 3}
      propertyPath: m_LocalRotation.y
      value: -0.21261151
      objectReference: {fileID: 0}
    - target: {fileID: 4354049411436898000, guid: 0f4e754ca7954344b8979c7221972a74, type: 3}
      propertyPath: m_LocalRotation.z
      value: 0.12473348
      objectReference: {fileID: 0}
    - target: {fileID: 4354049411436898000, guid: 0f4e754ca7954344b8979c7221972a74, type: 3}
      propertyPath: m_LocalEulerAnglesHint.x
      value: 53.677
      objectReference: {fileID: 0}
    - target: {fileID: 4354049411436898000, guid: 0f4e754ca7954344b8979c7221972a74, type: 3}
      propertyPath: m_LocalEulerAnglesHint.y
      value: -26.039
      objectReference: {fileID: 0}
    - target: {fileID: 4354049411436898000, guid: 0f4e754ca7954344b8979c7221972a74, type: 3}
      propertyPath: m_LocalEulerAnglesHint.z
      value: 3.04
      objectReference: {fileID: 0}
    - target: {fileID: 4354049411436898001, guid: 0f4e754ca7954344b8979c7221972a74, type: 3}
      propertyPath: m_Intensity
      value: 0.4
      objectReference: {fileID: 0}
    - target: {fileID: 4354049411436898001, guid: 0f4e754ca7954344b8979c7221972a74, type: 3}
      propertyPath: m_Shadows.m_Type
      value: 0
      objectReference: {fileID: 0}
    - target: {fileID: 4354049411436898002, guid: 0f4e754ca7954344b8979c7221972a74, type: 3}
      propertyPath: m_Name
      value: Fill Light
      objectReference: {fileID: 0}
    m_RemovedComponents: []
  m_SourcePrefab: {fileID: 100100000, guid: 0f4e754ca7954344b8979c7221972a74, type: 3}
--- !u!1001 &5468246109037822015
PrefabInstance:
  m_ObjectHideFlags: 0
  serializedVersion: 2
  m_Modification:
    m_TransformParent: {fileID: 1523344819}
    m_Modifications:
    - target: {fileID: 996015740829191549, guid: 07240ace31b2e744d9b2860b56dddb6f, type: 3}
      propertyPath: m_Name
      value: Wave 1
      objectReference: {fileID: 0}
    - target: {fileID: 1305595487982047031, guid: 07240ace31b2e744d9b2860b56dddb6f, type: 3}
      propertyPath: m_RootOrder
      value: 0
      objectReference: {fileID: 0}
    - target: {fileID: 1305595487982047031, guid: 07240ace31b2e744d9b2860b56dddb6f, type: 3}
      propertyPath: m_LocalPosition.x
      value: 0
      objectReference: {fileID: 0}
    - target: {fileID: 1305595487982047031, guid: 07240ace31b2e744d9b2860b56dddb6f, type: 3}
      propertyPath: m_LocalPosition.y
      value: 0
      objectReference: {fileID: 0}
    - target: {fileID: 1305595487982047031, guid: 07240ace31b2e744d9b2860b56dddb6f, type: 3}
      propertyPath: m_LocalPosition.z
      value: 0
      objectReference: {fileID: 0}
    - target: {fileID: 1305595487982047031, guid: 07240ace31b2e744d9b2860b56dddb6f, type: 3}
      propertyPath: m_LocalRotation.w
      value: 1
      objectReference: {fileID: 0}
    - target: {fileID: 1305595487982047031, guid: 07240ace31b2e744d9b2860b56dddb6f, type: 3}
      propertyPath: m_LocalRotation.x
      value: -0
      objectReference: {fileID: 0}
    - target: {fileID: 1305595487982047031, guid: 07240ace31b2e744d9b2860b56dddb6f, type: 3}
      propertyPath: m_LocalRotation.y
      value: -0
      objectReference: {fileID: 0}
    - target: {fileID: 1305595487982047031, guid: 07240ace31b2e744d9b2860b56dddb6f, type: 3}
      propertyPath: m_LocalRotation.z
      value: -0
      objectReference: {fileID: 0}
    - target: {fileID: 1305595487982047031, guid: 07240ace31b2e744d9b2860b56dddb6f, type: 3}
      propertyPath: m_LocalEulerAnglesHint.x
      value: 0
      objectReference: {fileID: 0}
    - target: {fileID: 1305595487982047031, guid: 07240ace31b2e744d9b2860b56dddb6f, type: 3}
      propertyPath: m_LocalEulerAnglesHint.y
      value: 0
      objectReference: {fileID: 0}
    - target: {fileID: 1305595487982047031, guid: 07240ace31b2e744d9b2860b56dddb6f, type: 3}
      propertyPath: m_LocalEulerAnglesHint.z
      value: 0
      objectReference: {fileID: 0}
    m_RemovedComponents: []
  m_SourcePrefab: {fileID: 100100000, guid: 07240ace31b2e744d9b2860b56dddb6f, type: 3}
--- !u!4 &5468246109037822016 stripped
Transform:
  m_CorrespondingSourceObject: {fileID: 1305595487982047031, guid: 07240ace31b2e744d9b2860b56dddb6f, type: 3}
  m_PrefabInstance: {fileID: 5468246109037822015}
  m_PrefabAsset: {fileID: 0}
--- !u!1 &5468246109037822017 stripped
GameObject:
  m_CorrespondingSourceObject: {fileID: 996015740829191549, guid: 07240ace31b2e744d9b2860b56dddb6f, type: 3}
  m_PrefabInstance: {fileID: 5468246109037822015}
  m_PrefabAsset: {fileID: 0}
--- !u!1001 &5943844452538183981
PrefabInstance:
  m_ObjectHideFlags: 0
  serializedVersion: 2
  m_Modification:
    m_TransformParent: {fileID: 1523344819}
    m_Modifications:
    - target: {fileID: 654164521937519078, guid: a6a5b10c9cf641444b04286b57567f14, type: 3}
      propertyPath: m_RootOrder
      value: 3
      objectReference: {fileID: 0}
    - target: {fileID: 654164521937519078, guid: a6a5b10c9cf641444b04286b57567f14, type: 3}
      propertyPath: m_LocalPosition.x
      value: 438.02
      objectReference: {fileID: 0}
    - target: {fileID: 654164521937519078, guid: a6a5b10c9cf641444b04286b57567f14, type: 3}
      propertyPath: m_LocalPosition.y
      value: 37.3
      objectReference: {fileID: 0}
    - target: {fileID: 654164521937519078, guid: a6a5b10c9cf641444b04286b57567f14, type: 3}
      propertyPath: m_LocalPosition.z
      value: 301.44
      objectReference: {fileID: 0}
    - target: {fileID: 654164521937519078, guid: a6a5b10c9cf641444b04286b57567f14, type: 3}
      propertyPath: m_LocalRotation.w
      value: 1
      objectReference: {fileID: 0}
    - target: {fileID: 654164521937519078, guid: a6a5b10c9cf641444b04286b57567f14, type: 3}
      propertyPath: m_LocalRotation.x
      value: -0
      objectReference: {fileID: 0}
    - target: {fileID: 654164521937519078, guid: a6a5b10c9cf641444b04286b57567f14, type: 3}
      propertyPath: m_LocalRotation.y
      value: -0
      objectReference: {fileID: 0}
    - target: {fileID: 654164521937519078, guid: a6a5b10c9cf641444b04286b57567f14, type: 3}
      propertyPath: m_LocalRotation.z
      value: -0
      objectReference: {fileID: 0}
    - target: {fileID: 654164521937519078, guid: a6a5b10c9cf641444b04286b57567f14, type: 3}
      propertyPath: m_LocalEulerAnglesHint.x
      value: 0
      objectReference: {fileID: 0}
    - target: {fileID: 654164521937519078, guid: a6a5b10c9cf641444b04286b57567f14, type: 3}
      propertyPath: m_LocalEulerAnglesHint.y
      value: 0
      objectReference: {fileID: 0}
    - target: {fileID: 654164521937519078, guid: a6a5b10c9cf641444b04286b57567f14, type: 3}
      propertyPath: m_LocalEulerAnglesHint.z
      value: 0
      objectReference: {fileID: 0}
    - target: {fileID: 1380056320122062013, guid: a6a5b10c9cf641444b04286b57567f14, type: 3}
      propertyPath: m_Center.y
      value: 0.39
      objectReference: {fileID: 0}
    - target: {fileID: 2330394778107024856, guid: a6a5b10c9cf641444b04286b57567f14, type: 3}
      propertyPath: m_Center.x
      value: 3.46
      objectReference: {fileID: 0}
    - target: {fileID: 2330394778107024856, guid: a6a5b10c9cf641444b04286b57567f14, type: 3}
      propertyPath: m_Center.y
      value: 0.26
      objectReference: {fileID: 0}
    - target: {fileID: 2330394778107024856, guid: a6a5b10c9cf641444b04286b57567f14, type: 3}
      propertyPath: m_Center.z
      value: 1.5
      objectReference: {fileID: 0}
    - target: {fileID: 2814551077329694397, guid: a6a5b10c9cf641444b04286b57567f14, type: 3}
      propertyPath: m_Center.y
      value: 0.26
      objectReference: {fileID: 0}
    - target: {fileID: 5529609802037087384, guid: a6a5b10c9cf641444b04286b57567f14, type: 3}
      propertyPath: m_Size.x
      value: 5.46
      objectReference: {fileID: 0}
    - target: {fileID: 6799894704336780704, guid: a6a5b10c9cf641444b04286b57567f14, type: 3}
      propertyPath: m_Center.x
      value: 3.46
      objectReference: {fileID: 0}
    - target: {fileID: 6799894704336780704, guid: a6a5b10c9cf641444b04286b57567f14, type: 3}
      propertyPath: m_Center.y
      value: 0.26
      objectReference: {fileID: 0}
    - target: {fileID: 6799894704336780704, guid: a6a5b10c9cf641444b04286b57567f14, type: 3}
      propertyPath: m_Center.z
      value: 1.5
      objectReference: {fileID: 0}
    - target: {fileID: 7867749420381220037, guid: a6a5b10c9cf641444b04286b57567f14, type: 3}
      propertyPath: m_Center.y
      value: 0.39
      objectReference: {fileID: 0}
    - target: {fileID: 8897842960848413974, guid: a6a5b10c9cf641444b04286b57567f14, type: 3}
      propertyPath: m_Name
      value: Wave 4
      objectReference: {fileID: 0}
    m_RemovedComponents: []
  m_SourcePrefab: {fileID: 100100000, guid: a6a5b10c9cf641444b04286b57567f14, type: 3}
--- !u!4 &5943844452538183982 stripped
Transform:
  m_CorrespondingSourceObject: {fileID: 654164521937519078, guid: a6a5b10c9cf641444b04286b57567f14, type: 3}
  m_PrefabInstance: {fileID: 5943844452538183981}
  m_PrefabAsset: {fileID: 0}
--- !u!1 &5943844452538183983 stripped
GameObject:
  m_CorrespondingSourceObject: {fileID: 8897842960848413974, guid: a6a5b10c9cf641444b04286b57567f14, type: 3}
  m_PrefabInstance: {fileID: 5943844452538183981}
  m_PrefabAsset: {fileID: 0}
--- !u!1001 &7290915095765320950
PrefabInstance:
  m_ObjectHideFlags: 0
  serializedVersion: 2
  m_Modification:
    m_TransformParent: {fileID: 1523344819}
    m_Modifications:
    - target: {fileID: 5028374745435922303, guid: 43f1cf7857b56ec4aae5a157eb68cd82, type: 3}
      propertyPath: m_Name
      value: Wave 2
      objectReference: {fileID: 0}
    - target: {fileID: 6421478702402131724, guid: 43f1cf7857b56ec4aae5a157eb68cd82, type: 3}
      propertyPath: m_RootOrder
      value: 1
      objectReference: {fileID: 0}
    - target: {fileID: 6421478702402131724, guid: 43f1cf7857b56ec4aae5a157eb68cd82, type: 3}
      propertyPath: m_LocalPosition.x
      value: 344.37
      objectReference: {fileID: 0}
    - target: {fileID: 6421478702402131724, guid: 43f1cf7857b56ec4aae5a157eb68cd82, type: 3}
      propertyPath: m_LocalPosition.y
      value: 52.27
      objectReference: {fileID: 0}
    - target: {fileID: 6421478702402131724, guid: 43f1cf7857b56ec4aae5a157eb68cd82, type: 3}
      propertyPath: m_LocalPosition.z
      value: 273.64
      objectReference: {fileID: 0}
    - target: {fileID: 6421478702402131724, guid: 43f1cf7857b56ec4aae5a157eb68cd82, type: 3}
      propertyPath: m_LocalRotation.w
      value: 0.7071068
      objectReference: {fileID: 0}
    - target: {fileID: 6421478702402131724, guid: 43f1cf7857b56ec4aae5a157eb68cd82, type: 3}
      propertyPath: m_LocalRotation.x
      value: -0
      objectReference: {fileID: 0}
    - target: {fileID: 6421478702402131724, guid: 43f1cf7857b56ec4aae5a157eb68cd82, type: 3}
      propertyPath: m_LocalRotation.y
      value: -0.7071068
      objectReference: {fileID: 0}
    - target: {fileID: 6421478702402131724, guid: 43f1cf7857b56ec4aae5a157eb68cd82, type: 3}
      propertyPath: m_LocalRotation.z
      value: -0
      objectReference: {fileID: 0}
    - target: {fileID: 6421478702402131724, guid: 43f1cf7857b56ec4aae5a157eb68cd82, type: 3}
      propertyPath: m_LocalEulerAnglesHint.x
      value: 3.989021
      objectReference: {fileID: 0}
    - target: {fileID: 6421478702402131724, guid: 43f1cf7857b56ec4aae5a157eb68cd82, type: 3}
      propertyPath: m_LocalEulerAnglesHint.y
      value: 338.495
      objectReference: {fileID: 0}
    - target: {fileID: 6421478702402131724, guid: 43f1cf7857b56ec4aae5a157eb68cd82, type: 3}
      propertyPath: m_LocalEulerAnglesHint.z
      value: 359.9369
      objectReference: {fileID: 0}
    m_RemovedComponents: []
  m_SourcePrefab: {fileID: 100100000, guid: 43f1cf7857b56ec4aae5a157eb68cd82, type: 3}
--- !u!1001 &8933447474333434715
PrefabInstance:
  m_ObjectHideFlags: 0
  serializedVersion: 2
  m_Modification:
    m_TransformParent: {fileID: 0}
    m_Modifications:
    - target: {fileID: 8933447472872173317, guid: 6e1a85d3a08cb494bb1f9cdb9cd1f4ba, type: 3}
      propertyPath: m_RootOrder
      value: 11
      objectReference: {fileID: 0}
    - target: {fileID: 8933447472872173317, guid: 6e1a85d3a08cb494bb1f9cdb9cd1f4ba, type: 3}
      propertyPath: m_LocalPosition.x
      value: 0
      objectReference: {fileID: 0}
    - target: {fileID: 8933447472872173317, guid: 6e1a85d3a08cb494bb1f9cdb9cd1f4ba, type: 3}
      propertyPath: m_LocalPosition.y
      value: 0
      objectReference: {fileID: 0}
    - target: {fileID: 8933447472872173317, guid: 6e1a85d3a08cb494bb1f9cdb9cd1f4ba, type: 3}
      propertyPath: m_LocalPosition.z
      value: 0
      objectReference: {fileID: 0}
    - target: {fileID: 8933447472872173317, guid: 6e1a85d3a08cb494bb1f9cdb9cd1f4ba, type: 3}
      propertyPath: m_LocalRotation.w
      value: 1
      objectReference: {fileID: 0}
    - target: {fileID: 8933447472872173317, guid: 6e1a85d3a08cb494bb1f9cdb9cd1f4ba, type: 3}
      propertyPath: m_LocalRotation.x
      value: 0
      objectReference: {fileID: 0}
    - target: {fileID: 8933447472872173317, guid: 6e1a85d3a08cb494bb1f9cdb9cd1f4ba, type: 3}
      propertyPath: m_LocalRotation.y
      value: 0
      objectReference: {fileID: 0}
    - target: {fileID: 8933447472872173317, guid: 6e1a85d3a08cb494bb1f9cdb9cd1f4ba, type: 3}
      propertyPath: m_LocalRotation.z
      value: 0
      objectReference: {fileID: 0}
    - target: {fileID: 8933447472872173317, guid: 6e1a85d3a08cb494bb1f9cdb9cd1f4ba, type: 3}
      propertyPath: m_LocalEulerAnglesHint.x
      value: 0
      objectReference: {fileID: 0}
    - target: {fileID: 8933447472872173317, guid: 6e1a85d3a08cb494bb1f9cdb9cd1f4ba, type: 3}
      propertyPath: m_LocalEulerAnglesHint.y
      value: 0
      objectReference: {fileID: 0}
    - target: {fileID: 8933447472872173317, guid: 6e1a85d3a08cb494bb1f9cdb9cd1f4ba, type: 3}
      propertyPath: m_LocalEulerAnglesHint.z
      value: 0
      objectReference: {fileID: 0}
    - target: {fileID: 8933447472872173319, guid: 6e1a85d3a08cb494bb1f9cdb9cd1f4ba, type: 3}
      propertyPath: m_Name
      value: Post Processing
      objectReference: {fileID: 0}
    m_RemovedComponents: []
  m_SourcePrefab: {fileID: 100100000, guid: 6e1a85d3a08cb494bb1f9cdb9cd1f4ba, type: 3}
--- !u!1001 &9208564721244560381
PrefabInstance:
  m_ObjectHideFlags: 0
  serializedVersion: 2
  m_Modification:
    m_TransformParent: {fileID: 0}
    m_Modifications:
    - target: {fileID: 4909798036323198879, guid: a586e8da02b252346809e44f4055876c, type: 3}
      propertyPath: m_Pivot.x
      value: 0
      objectReference: {fileID: 0}
    - target: {fileID: 4909798036323198879, guid: a586e8da02b252346809e44f4055876c, type: 3}
      propertyPath: m_Pivot.y
      value: 0
      objectReference: {fileID: 0}
    - target: {fileID: 4909798036323198879, guid: a586e8da02b252346809e44f4055876c, type: 3}
      propertyPath: m_RootOrder
      value: 6
      objectReference: {fileID: 0}
    - target: {fileID: 4909798036323198879, guid: a586e8da02b252346809e44f4055876c, type: 3}
      propertyPath: m_AnchorMax.x
      value: 0
      objectReference: {fileID: 0}
    - target: {fileID: 4909798036323198879, guid: a586e8da02b252346809e44f4055876c, type: 3}
      propertyPath: m_AnchorMax.y
      value: 0
      objectReference: {fileID: 0}
    - target: {fileID: 4909798036323198879, guid: a586e8da02b252346809e44f4055876c, type: 3}
      propertyPath: m_AnchorMin.x
      value: 0
      objectReference: {fileID: 0}
    - target: {fileID: 4909798036323198879, guid: a586e8da02b252346809e44f4055876c, type: 3}
      propertyPath: m_AnchorMin.y
      value: 0
      objectReference: {fileID: 0}
    - target: {fileID: 4909798036323198879, guid: a586e8da02b252346809e44f4055876c, type: 3}
      propertyPath: m_SizeDelta.x
      value: 0
      objectReference: {fileID: 0}
    - target: {fileID: 4909798036323198879, guid: a586e8da02b252346809e44f4055876c, type: 3}
      propertyPath: m_SizeDelta.y
      value: 0
      objectReference: {fileID: 0}
    - target: {fileID: 4909798036323198879, guid: a586e8da02b252346809e44f4055876c, type: 3}
      propertyPath: m_LocalPosition.x
      value: 0
      objectReference: {fileID: 0}
    - target: {fileID: 4909798036323198879, guid: a586e8da02b252346809e44f4055876c, type: 3}
      propertyPath: m_LocalPosition.y
      value: 0
      objectReference: {fileID: 0}
    - target: {fileID: 4909798036323198879, guid: a586e8da02b252346809e44f4055876c, type: 3}
      propertyPath: m_LocalPosition.z
      value: 0
      objectReference: {fileID: 0}
    - target: {fileID: 4909798036323198879, guid: a586e8da02b252346809e44f4055876c, type: 3}
      propertyPath: m_LocalRotation.w
      value: 1
      objectReference: {fileID: 0}
    - target: {fileID: 4909798036323198879, guid: a586e8da02b252346809e44f4055876c, type: 3}
      propertyPath: m_LocalRotation.x
      value: 0
      objectReference: {fileID: 0}
    - target: {fileID: 4909798036323198879, guid: a586e8da02b252346809e44f4055876c, type: 3}
      propertyPath: m_LocalRotation.y
      value: 0
      objectReference: {fileID: 0}
    - target: {fileID: 4909798036323198879, guid: a586e8da02b252346809e44f4055876c, type: 3}
      propertyPath: m_LocalRotation.z
      value: 0
      objectReference: {fileID: 0}
    - target: {fileID: 4909798036323198879, guid: a586e8da02b252346809e44f4055876c, type: 3}
      propertyPath: m_AnchoredPosition.x
      value: 0
      objectReference: {fileID: 0}
    - target: {fileID: 4909798036323198879, guid: a586e8da02b252346809e44f4055876c, type: 3}
      propertyPath: m_AnchoredPosition.y
      value: 0
      objectReference: {fileID: 0}
    - target: {fileID: 4909798036323198879, guid: a586e8da02b252346809e44f4055876c, type: 3}
      propertyPath: m_LocalEulerAnglesHint.x
      value: 0
      objectReference: {fileID: 0}
    - target: {fileID: 4909798036323198879, guid: a586e8da02b252346809e44f4055876c, type: 3}
      propertyPath: m_LocalEulerAnglesHint.y
      value: 0
      objectReference: {fileID: 0}
    - target: {fileID: 4909798036323198879, guid: a586e8da02b252346809e44f4055876c, type: 3}
      propertyPath: m_LocalEulerAnglesHint.z
      value: 0
      objectReference: {fileID: 0}
    - target: {fileID: 5459234256654959452, guid: a586e8da02b252346809e44f4055876c, type: 3}
      propertyPath: m_Name
      value: Canvas
      objectReference: {fileID: 0}
    m_RemovedComponents: []
  m_SourcePrefab: {fileID: 100100000, guid: a586e8da02b252346809e44f4055876c, type: 3}
--- !u!1 &9208564721244560382 stripped
GameObject:
  m_CorrespondingSourceObject: {fileID: 7270146830683773288, guid: a586e8da02b252346809e44f4055876c, type: 3}
  m_PrefabInstance: {fileID: 9208564721244560381}
  m_PrefabAsset: {fileID: 0}
